@online{site:agile-manifesto,
    title   = {Manifesto Agile},
    url     = {http://agilemanifesto.org/iso/it/manifesto.html}
}

@online{site:typescript,
    title   = {TypeScript},
    url     = {https://www.typescriptlang.org/},
}

@online{site:vue.js,
    title   = {Vue.js},
    url     = {https://vuejs.org/},
}

@online{site:node,
    title   = {Node.js},
    url     = {https://nodejs.org/it/}
}

@online{site:thron,
    title   = {THRON S.p.A.},
    url     = {https://www.thron.com/it/}
}

@online{site:scrum,
    title   = {Scrum},
    url     = {https://www.scrum.org/resources/what-is-scrum}
}

@online{site:microsoft365,
    title   = {Microsoft 365},
    url     = {https://www.microsoft.com/it-it/microsoft-365?rtc=1}
}

@online{site:jira,
    title   = {Jira},
    url     = {https://www.atlassian.com/it/software/jira}
}

@online{site:aws,
    title   = {Amazon Web Services},
    url     = {https://aws.amazon.com/it/}
}

@online{site:fork,
    title   = {Fork},
    url     = {https://git-fork.com/}
}

@online{site:confluence,
    title   = {Confluence},
    url     = {https://www.atlassian.com/it/software/confluence}
}

@online{site:staruml,
    title   = {StarUML},
    url     = {https://staruml.io/}
}

@online{site:sass,
    title   = {Sass},
    url     = {https://sass-lang.com/documentation/}
}

@online{site:vite,
    title   = {Vite},
    url     = {https://vitejs.dev/}
}

@online{site:vitest,
    title   = {Vitest},
    url     = {https://vitest.dev/}
}

@online{site:vue-router,
    title   = {Vue-router},
    url     = {https://router.vuejs.org/}
}

@online{site:nest.js,
    title   = {Nest.js},
    url     = {https://nestjs.com/}
}

@online{site:postman,
    title   = {Postman},
    url     = {https://www.postman.com/}
}

@online{site:pinia,
    title   = {Pinia},
    url     = {https://pinia.vuejs.org/}
}

@online{site:git,
    title   = {Git},
    url     = {https://git-scm.com/}
}

@online{site:code-commit,
    title   = {AWS CodeCommit},
    url     = {https://aws.amazon.com/it/codecommit/}
}

@online{site:vue-architettura,
    title   = {Architettura di Vue.js},
    url     = {https://012.vuejs.org/guide/}
}

@online{site:nest-architettura,
    title   = {Architettura di Nest.js},
    url     = {https://www.mantralabsglobal.com/implementing-a-clean-architecture-with-nest-js/}
}
% https://www.mouritech.com/it-technical-articles/basic-knowledge-on-nest-js/#:~:text=Nest%20JS%20uses%20a%20modular,JS%20with%20JavaScript%20as%20well

@online{site:dam,
    title   = {THRON DAM},
    url     = {https://www.thron.com/en/platform/dam-software/}
}

@online{site:pim,
    title   = {THRON PIM},
    url     = {https://www.thron.com/en/platform/pim-software/}
}

@online{site:msal,
    title   = {Azure MSAL},
    url     = {https://learn.microsoft.com/it-it/azure/active-directory/develop/msal-overview}
}

@online{site:swagger,
    title   = {Swagger UI},
    url     = {https://swagger.io/tools/swagger-ui/}
}

@online{site:middleware,
    title   = {Nest.js Middleware},
    url     = {https://docs.nestjs.com/middleware}
}

@online{site:token,
    title   = {Refresh token in Azure AD},
    url     = {https://learn.microsoft.com/en-us/azure/active-directory/develop/scenario-spa-acquire-token?tabs=javascript2}
}